@inproceedings{ahmed2011_evaluating_crdts,
  title     = {Evaluating CRDTs for Real-Time Document Editing},
  author    = {Ahmed-Nacer, Mohamed and Urso, Pascal and Molli, Pascal and Mostefaoui, Achour},
  booktitle = {Proceedings of the 11th ACM Symposium on Document Engineering (DocEng '11)},
  year      = {2011},
  doi       = {10.1145/2034691.2034725},
  url       = {https://doi.org/10.1145/2034691.2034717}
}

@article{shapiro2011_conflict_free_replicated_datatypes,
  title   = {Conflict-Free Replicated Data Types},
  author  = {Shapiro, Marc and Pregui{\c{c}}a, Nuno and Baquero, Carlos and Zawirski, Marek},
  journal = {Stabilization, Safety, and Security of Distributed Systems (SSS 2011)},
  year    = {2011},
  pages   = {386--400},
  doi     = {10.1007/978-3-642-24550-3_29},
  url     = {https://doi.org/10.1007/978-3-642-24550-3_29}
}

@article{preguica2018_crdts_overview,
  title   = {Conflict-Free Replicated Data Types},
  author  = {Pregui{\c{c}}a, Nuno M. and Baquero, Carlos and Shapiro, Marc},
  journal = {arXiv preprint arXiv:1805.06358},
  year    = {2018},
  doi     = {10.48550/arXiv.1805.06358},
  url     = {https://arxiv.org/abs/1805.06358}
}


@article{zhao2019_secure_mpc,
  title   = {Secure Multi-Party Computation: Theory, practice and applications},
  author  = {Zhao, Chuan and Zhao, Shengnan and Zhao, Minghao and Chen, Zhenxiang and Gao, Chong-Zhi and Li, Hongwei and Tan, Yu-an},
  journal = {Information Sciences},
  volume  = {476},
  pages   = {357--372},
  year    = {2019},
  doi     = {10.1016/j.ins.2018.10.024},
  issn    = {0020-0255},
  url     = {https://www.sciencedirect.com/science/article/pii/S0020025518308338}
}

@mastersthesis{ivarsson2019_realtime_crdts,
  title        = {Real-time collaborative editing using CRDTs},
  author       = {Ivarsson, Jakob},
  school       = {KTH Royal Institute of Technology, School of Electrical Engineering and Computer Science (EECS)},
  year         = {2019},
  type         = {Independent thesis Advanced level (Masterâ€™s, two years)},
  pages        = {45},
  series       = {TRITA-EECS-EX},
  number       = {2019:28},
  urn          = {urn:nbn:se:kth:diva-249545},
  url          = {https://urn.kb.se/resolve?urn=urn:nbn:se:kth:diva-249545},
  note         = {Available fulltext: https://kth.diva-portal.org/smash/get/diva2:1304659/FULLTEXT01.pdf}
}

@inproceedings{kleppmann2019_local_first_onward,
  author    = {Kleppmann, Martin and Wiggins, Adam and van Hardenberg, Peter and McGranaghan, Mark},
  title     = {Local-first software: you own your data, in spite of the cloud},
  booktitle = {Proceedings of the 2019 ACM SIGPLAN International Symposium on New Ideas, New Paradigms, and Reflections on Programming and Software (Onward! '19)},
  address   = {Athens, Greece},
  month     = {oct},
  year      = {2019},
  pages     = {154--178},
  publisher = {Association for Computing Machinery},
  doi       = {10.1145/3359591.3359737},
  url       = {https://dl.acm.org/doi/10.1145/3359591.3359737},
  isbn      = {978-1-4503-6995-4}
}

@inproceedings{kleppmann2022_making_crdts_byzantine,
  author    = {Kleppmann, Martin},
  title     = {Making CRDTs Byzantine Fault Tolerant},
  booktitle = {Proceedings of the 9th Workshop on Principles and Practice of Consistency for Distributed Data (PaPoC '22)},
  year      = {2022},
  month     = {apr},
  pages     = {8--15},
  publisher = {ACM},
  doi       = {10.1145/3517209.3524042},
  url       = {https://dl.acm.org/doi/10.1145/3517209.3524042}
}


@article{weidner2023_collabs_framework,
  title   = {Collabs: A Flexible and Performant CRDT Collaboration Framework},
  author  = {Weidner, Matthew and Qi, Huairui and Kjaer, Maxime and Pradeep, Ria and Geordie, Benito and Zhang, Yicheng and Schare, Gregory and Tang, Xuan and Xing, Sicheng and Miller, Heather},
  journal = {arXiv preprint arXiv:2212.02618},
  year    = {2023},
  doi     = {10.48550/arXiv.2212.02618},
  url     = {https://arxiv.org/abs/2212.02618}
}

@article{feng2022_concretely_efficient_mpc,
  title   = {Concretely Efficient Secure Multi-Party Computation Protocols: Survey and More},
  author  = {Feng, Dengguo and Yang, Kang},
  journal = {Security and Safety (SANDS)},
  year    = {2022},
  volume  = {1},
  pages   = {2021001},
  doi     = {10.1051/sands/2021001},
  url     = {https://sands.edpsciences.org/articles/sands/pdf/2022/01/sands20210001.pdf}
}

@inproceedings{gruss2023_realtime_linkeddata_collab,
  author    = {Gruss, Jonathan and Ciortea, Andrei and Salvaneschi, Guido and Mayer, Simon},
  title     = {Real-Time Collaboration in Linked Data Systems},
  booktitle = {Proceedings of the ISWC 2023 Posters and Demos Track},
  year      = {2023},
  month     = {nov},
  address   = {Athens, Greece},
  publisher = {CEUR Workshop Proceedings},
  url       = {https://hozo.jp/ISWC2023_PD-Industry-proc/ISWC2023_paper_495.pdf},
  note      = {Available under CC BY 4.0 license},
  issn      = {1613-0073}
}

@article{li2023_secure_comp_tee_survey,
  title   = {A Survey of Secure Computation Using Trusted Execution Environments},
  author  = {Li, Xiaoguo and Zhao, Bowen and Yang, Guomin and Xiang, Tao and Weng, Jian and Deng, Robert H.},
  journal = {arXiv preprint arXiv:2302.12150},
  year    = {2023},
  doi     = {10.48550/arXiv.2302.12150},
  url     = {https://arxiv.org/abs/2302.12150}
}
@techreport{cryptpad2021whitepaper,
  title        = {CryptPad Whitepaper: Privacy-Friendly Real-Time Collaboration},
  author       = {{XWiki SAS} and {CryptPad Team}},
  year         = {2021},
  institution  = {CryptPad / XWiki SAS},
  url          = {https://blog.cryptpad.org/images/whitepaper.pdf},
  note         = {Accessed: 2025-10-27},
}
@article{weidner2025_fugue_tpds,
  title   = {The Art of the Fugue: Minimizing Interleaving in Collaborative Text Editing},
  author  = {Weidner, Matthew and Kleppmann, Martin},
  journal = {IEEE Transactions on Parallel and Distributed Systems},
  volume  = {36},
  number  = {11},
  pages   = {2425--2437},
  year    = {2025},
  doi     = {10.1109/TPDS.2025.3611880},
}
